@article{Barth2020,
    title = {{A fluorogenic cyclic peptide for imaging and quantification of drug-induced apoptosis}},
    year = {2020},
    journal = {Nature Communications},
    author = {Barth, Nicole D. and Subiros-Funosas, Ramon and Mendive-Tapia, Lorena and Duffin, Rodger and Shields, Mario A. and Cartwright, Jennifer A. and Henriques, Sónia Troeira and Sot, Jesus and Go{\~{n}}i, Felix M. and Lavilla, Rodolfo and Marwick, John A. and Vermeren, Sonja and Rossi, Adriano G. and Egeblad, Mikala and Dransfield, Ian and Vendrell, Marc},
    number = {1},
    month = {12},
    volume = {11},
    publisher = {Nature Research}
}

@article{Rasmussen1985,
    title = {{An Electron Microscope Study of the Circulating Leucocytes of the Marine Mussel, Mytilus edulis}},
    year = {1985},
    journal = {JOURNAL OF INVERTEBRATE PATHOI.OGY},
    author = {Rasmussen, Lars P D and Hage, Esther and Karloc, Ole},
    pages = {158--167},
    volume = {45}
}

@article{Barsiene2004,
    title = {{Analysis of micronuclei in blue mussels and fish from the Baltic and North Seas}},
    year = {2004},
    journal = {Environmental Toxicology},
    author = {Bar{\v{s}}iene, Janina and Lazutka, Juozas and {\v{S}}yvokiene, Janina and Dedonyte, Veronika and Rybakovas, Aleksandras and Bagdonas, Edvardas and Bjornstad, Anne and Andersen, Odd Ketil},
    number = {4},
    pages = {365--371},
    volume = {19},
    keywords = {Baltic Sea, Blue mussel, Flounder, Genotoxicity, Micronuclei, North Sea, Wrasse}
}

@article{Noel1994,
    title = {{Antigenic characterization of hemocyte subpopulations in the mussel Mytilus edulis by means of monoclonal antibodies}},
    year = {1994},
    journal = {Marine Biology},
    author = {{D. N{\"{o}}el} and {R. Pipe} and {R. Elston} and {E. Bach{\'{e}}re} and {E. Mialhe}},
    number = {119},
    pages = {549--556}
}

@article{Noel1994b,
    title = {{Antigenic characterization of hemocyte subpopulations in the mussel Mytilus edulis by means of monoclonal antibodies}},
    year = {1994},
    journal = {Marine Biology},
    author = {{D. N{\"{o}}el} and {R. Pipe} and {R. Elston} and {E. Bach{\'{e}}re} and {E. Mialhe}},
    number = {119},
    pages = {549--556}
}

@article{Friebel1995,
    title = {{Application of density gradient centrifugation for separation of eosinophilic and basophilic hemocytes from Mytitus edulis and characterization of both cell groups}},
    year = {1995},
    journal = {Camp. Biockm. f'h{\_}vsiol},
    author = {Friebel, B and Renwrantz, L},
    pages = {81--90},
    volume = {},
    keywords = {Basophilic and eosinophilic hemocytes, Cytotoxic hemocytes, Discontinuous density gradient separation, Mytilus edulis (Mollusca), Phenoloxidase positive hemocytes}
}

@article{Cantinho2016,
    title = {{Behaviour and fate of metals in urban wastewater treatment plants: a review}},
    year = {2016},
    journal = {International Journal of Environmental Science and Technology},
    author = {Cantinho, P. and Matos, M. and Trancoso, M. A. and dos Santos, M. M.Correia},
    number = {1},
    month = {1},
    pages = {359--386},
    volume = {13},
    publisher = {Center for Environmental and Energy Research and Studies},
    keywords = {Metals behaviour models, Metals mass balances, Metals removal mechanisms, Priority pollutants, Sewage sludge metals content, Urban wastewater metals sources}
}

@article{Beyer2017b,
    title = {{Blue mussels (Mytilus edulis spp.) as sentinel organisms in coastal pollution monitoring: A review}},
    year = {2017},
    journal = {Marine Environmental Research},
    author = {Beyer, Jonny and Green, Norman W. and Brooks, Steven and Allan, Ian J. and Ruus, Anders and Gomes, Tânia and Br{\aa}te, Inger Lise N. and Sch{\o}yen, Merete},
    pages = {338--365},
    volume = {130},
    keywords = {Blue mussels, Pollution monitoring, Sentinels}
}

@article{LeFoll2010,
    title = {{Characterisation of Mytilus edulis hemocyte subpopulations by single cell time-lapse motility imaging}},
    year = {2010},
    journal = {Fish and Shellfish Immunology},
    author = {Le Foll, Frank and Rioult, Damien and Boussa, Sofiane and Pasquier, Jennifer and Dagher, Zeina and Leboulenger, François},
    number = {2},
    pages = {372--386},
    volume = {28},
    publisher = {Academic Press},
    keywords = {Dynamic microscopy, Hemolymph, Innate immunity, Invertebrate, Mussel blood cells}
}

@article{Farkas2011,
    title = {{Characterization of the effluent from a nanosilver producing washing machine}},
    year = {2011},
    journal = {Environment International},
    author = {Farkas, Julia and Peter, Hannes and Christian, Paul and Gallego Urrea, Julián Alberto and Hassell{\"{o}}v, Martin and Tuoriniemi, Jani and Gustafsson, Stefan and Olsson, Eva and Hylland, Ketil and Thomas, Kevin Victor},
    number = {6},
    pages = {1057--1062},
    volume = {37},
    publisher = {Elsevier Ltd},
    keywords = {Antibacterial, Nanoparticles, Silver, Washing machine}
}

@article{Pipe1990,
    title = {{Differential binding of leetins to haemocytes of the mussel Mytilus edulis}},
    year = {1990},
    journal = {Cell Tissue Res},
    author = {Pipe, R K},
    number = {261},
    pages = {261--168},
    publisher = {Springer-Verlag},
    keywords = {Haemocytes-, Lectins, Mol-lusca), Mytilus edulis (}
}

@article{Pipe1990b,
    title = {{Differential binding of leetins to haemocytes of the mussel Mytilus edulis}},
    year = {1990},
    journal = {Cell Tissue Res},
    author = {Pipe, R K},
    number = {261},
    pages = {261--168},
    publisher = {Springer-Verlag},
    keywords = {Haemocytes-, Lectins, Mol-lusca), Mytilus edulis (}
}

@article{Talebian2021,
    title = {{Facts and Figures on Materials Science and Nanotechnology Progress and Investment}},
    year = {2021},
    journal = {ACS Nano},
    author = {Talebian, Sepehr and Rodrigues, Tiago and Das Neves, José and Sarmento, Bruno and Langer, Robert and Conde, João},
    number = {10},
    month = {10},
    pages = {15940--15952},
    volume = {15},
    publisher = {American Chemical Society},
    keywords = {artificial intelligence, funding, machine learning, materials science, nanoproducts, nanotechnology}
}

@article{Kaegi2013,
    title = {{Fate and transformation of silver nanoparticles in urban wastewater systems}},
    year = {2013},
    journal = {Water Research},
    author = {Kaegi, Ralf and Voegelin, Andreas and Ort, Christoph and Sinnet, Brian and Thalmann, Basilius and Krismer, Jasmin and Hagendorfer, Harald and Elumelu, Maline and Mueller, Elisabeth},
    number = {12},
    month = {8},
    pages = {3866--3877},
    volume = {47},
    publisher = {Elsevier Ltd},
    keywords = {Sewer channel, Silver nanoparticles, Silver speciation, Sulfidation, Wastewater}
}

@article{Rolton2020,
    title = {{Green-lipped mussel (Perna canaliculus) hemocytes: A flow cytometric study of sampling effects, sub-populations and immune-related functions}},
    year = {2020},
    journal = {Fish and Shellfish Immunology},
    author = {Rolton, Anne and Ragg, Norman L.C.},
    month = {8},
    pages = {181--189},
    volume = {103},
    publisher = {Academic Press},
    keywords = {Aggregation, Flow cytometry, Green-lipped mussel, Greenshell™, Hemocytes, Neutral lipid, Perna canaliculus, Phagocytosis, Reactive oxygen species, Viability}
}

@incollection{Smith2016,
    title = {{Hematopoiesis and Hemocytes in Pancrustacean and Molluscan Models}},
    year = {2016},
    booktitle = {The Evolution of the Immune System: Conservation and Diversification},
    author = {Smith, Valerie J. and Accorsi, Alice and Malagoli, Davide},
    month = {5},
    pages = {1--28},
    publisher = {Elsevier Inc.},
    keywords = {Decapods, Encapsulation, Hematopoiesis, Hemocyte lineages, Hemocyte proliferation, host defense, Insects, Invertebrate immunity, Mollusks, Phagocytosis}
}

@article{Metreveli2016,
    title = {{Impact of chemical composition of ecotoxicological test media on the stability and aggregation status of silver nanoparticles}},
    year = {2016},
    journal = {Environmental Science: Nano},
    author = {Metreveli, George and Frombold, Bianca and Seitz, Frank and Gr{\"{u}}n, Alexandra and Philippe, Allan and Rosenfeldt, Ricki R. and Bundschuh, Mirco and Schulz, Ralf and Manz, Werner and Schaumann, Gabriele E.},
    number = {2},
    month = {4},
    pages = {418--433},
    volume = {3},
    publisher = {Royal Society of Chemistry}
}

@article{Piccinno2012,
    title = {{Industrial production quantities and uses of ten engineered nanomaterials in Europe and the world}},
    year = {2012},
    journal = {Journal of Nanoparticle Research},
    author = {Piccinno, Fabiano and Gottschalk, Fadri and Seeger, Stefan and Nowack, Bernd},
    number = {9},
    month = {9},
    volume = {14},
    publisher = {Kluwer Academic Publishers},
    keywords = {Europe, Nanomaterials, Production quantities}
}

@incollection{Renwartz1990,
    title = {{Internal defence system of Mytilus edulis}},
    year = {1990},
    booktitle = {Neurobiology of Mytilus edulis},
    author = {Renwrantz, Lothar},
    editor = {Stefano, GB},
    chapter = {15},
    pages = {256--275},
    publisher = {Manchester University Press},
    address = {Manchester and New York}
}

@techreport{Berge2018,
    title = {{Kommunale avl{\o}p 2017. Ressursinnsats, utslipp, rensing og slamdisponering 2017. Gebyrer 2018}},
    year = {2018},
    author = {Berge, Gisle and S{\ae}ther, Marit S.},
    pages = {1--99},
    institution = {Statistics Norway}
}

@article{Farkas2020,
    title = {{Monitoring and modelling of influent patterns, phase distribution and removal of 20 elements in two primary wastewater treatment plants in Norway}},
    year = {2020},
    journal = {Science of the Total Environment},
    author = {Farkas, Julia and Polesel, Fabio and Kjos, Marianne and Carvalho, Patricia Almeida and Ciesielski, Tomasz and Flores-Alsina, Xavier and Hansen, Steffen Foss and Booth, Andy M.},
    month = {7},
    volume = {725},
    publisher = {Elsevier B.V.},
    keywords = {Characterization, Elements, Modelling, Principal component analysis, Removal, Wastewater treatment}
}

@article{Bolognesi2012,
    title = {{Mussel micronucleus cytome assay}},
    year = {2012},
    journal = {Nature Protocols},
    author = {Bolognesi, Claudia and Fenech, Michael},
    number = {6},
    month = {5},
    pages = {1125--1137},
    volume = {7}
}

@article{Polesel2018,
    title = {{Occurrence, characterisation and fate of (nano)particulate Ti and Ag in two Norwegian wastewater treatment plants}},
    year = {2018},
    journal = {Water Research},
    author = {Polesel, Fabio and Farkas, Julia and Kjos, Marianne and Almeida Carvalho, Patricia and Flores-Alsina, Xavier and Gernaey, Krist V. and Hansen, Steffen Foss and Pl{\'{o}}sz, Benedek Gy and Booth, Andy M.},
    month = {9},
    pages = {19--31},
    volume = {141},
    publisher = {Elsevier Ltd},
    keywords = {Diurnal variation, Modelling, Nanoparticles, Silver, Titanium dioxide, Wastewater}
}

@article{Bachere1988,
    title = {{Separation of Crassostrea gigas hemocytes by density gradient centrifugation and counterflow centrifugal elutriation}},
    year = {1988},
    journal = {Developmental and Comparative Immunology},
    author = {Bach{\'{e}}re, Evelyne and Grizel, Henri},
    pages = {549--559},
    volume = {12}
}

@article{Dyrynda1997,
    title = {{Sub-populations of haemocytes in the adult and developing marine mussel, Mytilus edulis, identified by use of monoclonal antibodies}},
    year = {1997},
    journal = {Cell Tissue Res},
    author = {Dyrynda, E A and Pipe, R K and Ratcliffe, N A},
    pages = {527536},
    volume = {289}
}

@article{Shapiro2004,
    title = {{The Evolution of Cytometers}},
    year = {2004},
    journal = {Cytometry Part A},
    author = {Shapiro, Howard M.},
    number = {1},
    pages = {13--20},
    volume = {58},
    publisher = {Wiley-Liss Inc.}
}

@article{Hine1999,
    title = {{The inter-relationships of bivalve haemocytes}},
    year = {1999},
    journal = {Fish {\&} Shellfish Immunology},
    author = {Hine, PM},
    number = {5},
    pages = {367--385},
    volume = {9},
    keywords = {Granulocytes, agranular haemocytes, blast-like cells, hyalinocytes, macrophages, morphology, review}
}

@article{Rioult2014,
    title = {{The multi-xenobiotic resistance (MXR) efflux activity in hemocytes of Mytilus edulis is mediated by an ATP binding cassette transporter of class C (ABCC) principally inducible in eosinophilic granulocytes}},
    year = {2014},
    journal = {Aquatic Toxicology},
    author = {Rioult, Damien and Pasquier, Jennifer and Boulang{\'{e}}-Lecomte, Céline and Poret, Agnès and Abbas, Imane and Marin, Matthieu and Minier, Christophe and Le Foll, Frank},
    pages = {98--109},
    volume = {153},
    publisher = {Elsevier B.V.},
    keywords = {Cell migration, Flow cytometry, Innate immunity, MXR, Mussel blood cells}
}

@article{Pipe1997,
    title = {{The separation and characterisation of haemocytes from the mussel Mytilus edulis}},
    year = {1997},
    journal = {Cell tissue Res.},
    author = {Pipe, Richard K and Farley, Sophia R and Coles, Jackie A},
    number = {3},
    pages = {537--545},
    volume = {289},
    keywords = {{\&} k w d, Key words}
}

@article{Weir2012,
    title = {{Titanium dioxide nanoparticles in food and personal care products}},
    year = {2012},
    journal = {Environmental Science and Technology},
    author = {Weir, Alex and Westerhoff, Paul and Fabricius, Lars and Hristovski, Kiril and Von Goetz, Natalie},
    number = {4},
    month = {2},
    pages = {2242--2250},
    volume = {46}
}

@misc{Bodarenko2013,
    title = {{Toxicity of Ag, CuO and ZnO nanoparticles to selected environmentally relevant test organisms and mammalian cells in vitro: A critical review}},
    year = {2013},
    booktitle = {Archives of Toxicology},
    author = {Bondarenko, Olesja and Juganson, Katre and Ivask, Angela and Kasemets, Kaja and Mortimer, Monika and Kahru, Anne},
    number = {7},
    month = {7},
    pages = {1181--1200},
    volume = {87},
    keywords = {Antimicrobials, In vitro toxicology, Mechanism of action, QSARs, REACH, Risk assessment}
}

@article{Georgantzopoulou2020,
    title = {{Wastewater-Aged Silver Nanoparticles in Single and Combined Exposures with Titanium Dioxide Affect the Early Development of the Marine Copepod Tisbe battagliai}},
    year = {2020},
    journal = {Environmental Science and Technology},
    author = {Georgantzopoulou, Anastasia and Farkas, Julia and Ndungu, Kuria and Coutris, Claire and Carvalho, Patricia Almeida and Booth, Andy M. and Macken, Ailbhe},
    number = {19},
    month = {10},
    pages = {12316--12325},
    volume = {54},
    publisher = {American Chemical Society}
}

@article{delaBallina2022BivalveReview,
    title = {{Bivalve Haemocyte Subpopulations: A Review}},
    year = {2022},
    journal = {Frontiers in Immunology},
    author = {de la Ballina, Nuria R. and Maresca, Francesco and Cao, Asunción and Villalba, Antonio},
    month = {4},
    volume = {13},
    publisher = {Frontiers Media S.A.},
    doi = {10.3389/fimmu.2022.826255},
    issn = {16643224},
    pmid = {35464425},
    keywords = {granulocyte, haematopoiesis, hyalinocyte, immune response, phagocytosis}
}

@article{Mateo2009ChangesLysoTracker,
    title = {{Changes induced by two strains of Vibrio splendidus in haemocyte subpopulations of Mya arenaria, detected by flow cytometry with LysoTracker}},
    year = {2009},
    journal = {Diseases of Aquatic Organisms},
    author = {Mateo, Dante R. and Spurmanis, Aleks and Siah, Ahmed and Araya, Mebrahtu T. and Kulka, Mariana and Berthe, Franck C.J. and Johnson, Gerry R. and Greenwood, Spencer J.},
    number = {3},
    pages = {253--262},
    volume = {86},
    doi = {10.3354/dao02121},
    issn = {01775103},
    pmid = {20066960},
    keywords = {Flow cytometry, Haemocyte subpopulations, LysoTracker, Lysosome, Mya arenaria, Vibrio splendidus}
}

@article{Allam2002FlowMolluscs,
    title = {{Flow cytometric comparison of haemocytes from three species of bivalve molluscs}},
    year = {2002},
    journal = {Fish and Shellfish Immunology},
    author = {Allam, B. and Ashton-Alcox, K. A. and Ford, S. E.},
    number = {2},
    pages = {141--158},
    volume = {13},
    doi = {10.1006/fsim.2001.0389},
    issn = {10504648},
    pmid = {12400864},
    keywords = {Cell sorting, Granulocyte, Haemocyte subpopulations, Hyalinocyte, Light-scatter}
}

@article{Pila2016HaematopoiesisBivalves,
    title = {{Haematopoiesis in molluscs: A review of haemocyte development and function in gastropods, cephalopods and bivalves}},
    year = {2016},
    journal = {Developmental and Comparative Immunology},
    author = {Pila, E. A. and Sullivan, J. T. and Wu, X. Z. and Fang, J. and Rudko, S. P. and Gordy, M. A. and Hanington, P. C.},
    month = {5},
    pages = {119--128},
    volume = {58},
    publisher = {Elsevier Ltd},
    doi = {10.1016/j.dci.2015.11.010},
    issn = {18790089},
    pmid = {26592965},
    keywords = {Bivalve, Cell development, Cephalopod, Differentiation, Gastropod, Haematopoiesis, Haemocyte, Mitosis, Mollusc, Proliferation}
}

@article{Ashton-Alcox1998VariabilityStudy,
    title = {{Variability in molluscan hemocytes: a flow cytometric study}},
    year = {1998},
    author = {Ashton-Alcox, K A and Ford, S E},
    number = {2},
    pages = {204},
    volume = {30},
    keywords = {Cell sorting, Crassostrea virginica, eastern oyster, hemocyte subpopulations, individual variability, light scatter}
}