@article{Poncet2003,
title = {Influence of cryoprotective agent and cooling rate on frozen and thawed hemocytes from the Mollusk Haliotis tuberculata},
journal = {Cryobiology},
volume = {47},
number = {2},
pages = {184-189},
year = {2003},
author = {Poncet, J.M. and Lebel, J.M.},
doi = {https://doi.org/10.1016/j.cryobiol.2003.08.006}
}

@article{Barth2020,
    title = {{A fluorogenic cyclic peptide for imaging and quantification of drug-induced apoptosis}},
    year = {2020},
    journal = {Nature Communications},
    author = {Barth, N.D. and Subiros-Funosas, R. and Mendive-Tapia, L. and Duffin, R. and Shields, M.A. and Cartwright, J.A. and Henriques, S.T. and Sot, J. and Go{\~{n}}i, F.M. and Lavilla, R. and Marwick, J.A. and Vermeren, S. and Rossi, A.G. and Egeblad, M. and Dransfield, I. and Vendrell, M.},
    number = {1},
    volume = {11},
    publisher = {Nature Research},
    doi = {https://doi.org/10.1038/s41467-020-17772-7}
}

@article{Barsiene2004,
    title = {{Analysis of micronuclei in blue mussels and fish from the Baltic and North Seas}},
    year = {2004},
    journal = {Environmental Toxicology},
    author = {Bar{\v{s}}iene, J. and Lazutka, J. and {\v{S}}yvokiene, J. and Dedonyte, V. and Rybakovas, A. and Bagdonas, E. and Bjornstad, A. and Andersen, O.K.},
    number = {4},
    pages = {365--371},
    volume = {19},
    doi = {https://doi.org/10.1002/tox.20031}
}

@article{Friebel1995,
    title = {{Application of density gradient centrifugation for separation of eosinophilic and basophilic hemocytes from Mytitus edulis and characterization of both cell groups}},
    year = {1995},
    journal = {Comp. Biochem. Physiol},
    author = {Friebel, B. and Renwrantz, L.},
    pages = {81--90},
    volume = {112},
    issue = {1},
    doi = {https://doi.org/10.1016/0300-9629(95)00086-M}
}


@article{LeFoll2010,
    title = {{Characterisation of Mytilus edulis hemocyte subpopulations by single cell time-lapse motility imaging}},
    year = {2010},
    journal = {Fish and Shellfish Immunology},
    author = {{Le Foll}, F. and Rioult, D. and Boussa, S. and Pasquier, J. and Dagher, Z. and Leboulenger, F.},
    number = {2},
    pages = {372--386},
    volume = {28},
    publisher = {Academic Press},
    doi = {https://doi.org/10.1016/j.fsi.2009.11.011}
}

@article{Rioult2014,
    title = {{The multi-xenobiotic resistance (MXR) efflux activity in hemocytes of Mytilus edulis is mediated by an ATP binding cassette transporter of class C (ABCC) principally inducible in eosinophilic granulocytes}},
    year = {2014},
    journal = {Aquatic Toxicology},
    author = {Rioult, D. and Pasquier, J. and Boulang{\'{e}}-Lecomte, C. and Poret, A. and Abbas, I. and Marin, M. and Minier, C. and Le Foll, F.},
    pages = {98--109},
    volume = {153},
    publisher = {Elsevier B.V.},
    doi = {https://doi.org/10.1016/j.aquatox.2013.11.012}
}

@article{Parisi2008,
    title = {{Differential involvement of mussel hemocyte sub-populations in the clearance of bacteria}},
    year = {2008},
    journal = {Fish and Shellfish Immunology},
    author = {Parisi, M.G. and Li, H. and Jouvet, L. and Dyrynda, E.A. and Parrinello, N. and Cammarata, M. and Roch, P.},
    number = {6},
    pages = {834--840},
    volume = {25},
    publisher = {Academic Press},
    doi = {https://doi.org/10.1016/j.fsi.2008.09.005}
}

@article{Bolognesi2012,
    title = {{Mussel micronucleus cytome assay}},
    year = {2012},
    journal = {Nature Protocols},
    author = {Bolognesi, C. and Fenech, M.},
    number = {6},
    pages = {1125--1137},
    volume = {7},
    doi = {https://doi.org/10.1038/nprot.2012.043}
}

@article{delaBallina2022,
    title = {{Bivalve Haemocyte Subpopulations: A Review}},
    year = {2022},
    journal = {Frontiers in Immunology},
    author = {{de la Ballina}, N.R. and Maresca, F. and Cao, A. and Villalba, A.},
    volume = {13},
    publisher = {Frontiers Media S.A.},
    pages = {1--28},
    doi = {10.3389/fimmu.2022.826255}
}

@article{Pila2016,
    title = {{Haematopoiesis in molluscs: A review of haemocyte development and function in gastropods, cephalopods and bivalves}},
    year = {2016},
    journal = {Developmental and Comparative Immunology},
    author = {Pila, E.A. and Sullivan, J.T. and Wu, X.Z. and Fang, J. and Rudko, S.P. and Gordy, M.A. and Hanington, P.C.},
    pages = {119--128},
    volume = {58},
    publisher = {Elsevier Ltd},
    doi = {10.1016/j.dci.2015.11.010}
}

@article{Talebian2021,
    title = {{Facts and Figures on Materials Science and Nanotechnology Progress and Investment}},
    year = {2021},
    journal = {ACS Nano},
    author = {Talebian, S. and Rodrigues, T. and Das Neves, J. and Sarmento, B. and Langer, R. and Conde, J.},
    number = {10},
    pages = {15940--15952},
    volume = {15},
    publisher = {American Chemical Society},
    doi = {https://doi.org/10.1021/acsnano.1c03992}
}

@article{Bodarenko2013,
    title = {{Toxicity of Ag, CuO and ZnO nanoparticles to selected environmentally relevant test organisms and mammalian cells in vitro: A critical review}},
    year = {2013},
    booktitle = {Archives of Toxicology},
    author = {Bondarenko, O. and Juganson, K. and Ivask, A. and Kasemets, K. and Mortimer, M. and Kahru, A.},
    number = {7},
    pages = {1181--1200},
    volume = {87},
    doi = {10.1007/s00204-013-1079-4}
}

@article{Piccinno2012,
    title = {{Industrial production quantities and uses of ten engineered nanomaterials in Europe and the world}},
    year = {2012},
    journal = {Journal of Nanoparticle Research},
    author = {Piccinno, F. and Gottschalk, F. and Seeger, S. and Nowack, B.},
    number = {9},
    volume = {14},
    publisher = {Kluwer Academic Publishers},
    doi = {https://doi.org/10.1007/s11051-012-1109-9}
}

@article{Weir2012,
    title = {{Titanium dioxide nanoparticles in food and personal care products}},
    year = {2012},
    journal = {Environmental Science and Technology},
    author = {Weir, A. and Westerhoff, P. and Fabricius, L. and Hristovski, K. and Von Goetz, N.},
    number = {4},
    pages = {2242--2250},
    volume = {46},
    doi = {10.1021/es204168d}
}

@article{Polesel2018,
    title = {{Occurrence, characterisation and fate of (nano)particulate Ti and Ag in two Norwegian wastewater treatment plants}},
    year = {2018},
    journal = {Water Research},
    author = {Polesel, F. and Farkas, J. and Kjos, M. and Almeida Carvalho, P.O. and Flores-Alsina, X. and Gernaey, K.V. and Hansen, S.F. and Pl{\'{o}}sz, B.G. and Booth, A.M.},
    pages = {19--31},
    volume = {141},
    publisher = {Elsevier Ltd},
    doi = {https://doi.org/10.1016/j.watres.2018.04.065}
}

@article{Farkas2011,
    title = {{Characterization of the effluent from a nanosilver producing washing machine}},
    year = {2011},
    journal = {Environment International},
    author = {Farkas, J. and Peter, H. and Christian, P. and Gallego Urrea, J.A. and Hassell{\"{o}}v, M. and Tuoriniemi, J. and Gustafsson, S. and Olsson, E. and Hylland, K. and Thomas, K.V.},
    number = {6},
    pages = {1057--1062},
    volume = {37},
    publisher = {Elsevier Ltd},
    doi = {https://doi.org/10.1016/j.envint.2011.03.006}
}

@article{Farkas2020,
    title = {{Monitoring and modelling of influent patterns, phase distribution and removal of 20 elements in two primary wastewater treatment plants in Norway}},
    year = {2020},
    journal = {Science of the Total Environment},
    author = {Farkas, J. and Polesel, F. and Kjos, M. and Carvalho, P.A. and Ciesielski, T. and Flores-Alsina, X. and Hansen, S.F. and Booth, A.M.},
    volume = {725},
    publisher = {Elsevier B.V.},
    doi = {https://doi.org/10.1016/j.scitotenv.2020.138420}
}

@article{Cantinho2016,
    title = {{Behaviour and fate of metals in urban wastewater treatment plants: a review}},
    year = {2016},
    journal = {International Journal of Environmental Science and Technology},
    author = {Cantinho, P. and Matos, M. and Trancoso, M. A. and Correia dos Santos, M.M.},
    number = {1},
    pages = {359--386},
    volume = {13},
    publisher = {Center for Environmental and Energy Research and Studies},
    doi = {https://doi.org/10.1007/s13762-015-0887-x}
}

@article{Hine1999,
    title = {{The inter-relationships of bivalve haemocytes}},
    year = {1999},
    journal = {Fish {\&} Shellfish Immunology},
    author = {Hine, P.M.},
    number = {5},
    pages = {367--385},
    volume = {9},
    doi = {https://doi.org/10.1006/fsim.1998.0205}
}

@article{Beyer2017b,
    title = {{Blue mussels (Mytilus edulis spp.) as sentinel organisms in coastal pollution monitoring: A review}},
    year = {2017},
    journal = {Marine Environmental Research},
    author = {Beyer, J. and Green, N.W. and Brooks, S. and Allan, I.J. and Ruus, A. and Gomes, T. and Nerland Br{\aa}te, I.L. and Sch{\o}yen, M.},
    pages = {338--365},
    volume = {130},
    doi = {https://doi.org/10.1016/j.marenvres.2017.07.024}
    }
    
@article{Canesi2012,
title = {Bivalve molluscs as a unique target group for nanoparticle toxicity},
journal = {Marine Environmental Research},
volume = {76},
pages = {16-21},
year = {2012},
author = {Canesi, L. and Ciacci, C. and Fabbri, R. and Marcomini, A. and Pojana, G. and Gallo, G.},
doi = {https://doi.org/10.1016/j.marenvres.2011.06.005}
}


@article{Goldberg1975,
title = {The Mussel Watch: A First Step in Global Marine Monitoring},
journal = {Marine Pollution Bulletin},
volume = {6},
pages = {111--114},
year = {1975},
author = {Goldberg, E.D.},
doi = {http://dx.doi.org/10.1016/0025-326X(75)90271-4}
}

@article{Kaegi2013,
    title = {{Fate and transformation of silver nanoparticles in urban wastewater systems}},
    year = {2013},
    journal = {Water Research},
    author = {Kaegi, R. and Voegelin, A. and Ort, C. and Sinnet, B. and Thalmann, B. and Krismer, J. and Hagendorfer, H. and Elumelu, M. and Mueller, E.},
    number = {12},
    pages = {3866--3877},
    volume = {47},
    publisher = {Elsevier Ltd},
    doi = {https://doi.org/10.1016/j.watres.2012.11.060}
}

@article{Metreveli2016,
    title = {{Impact of chemical composition of ecotoxicological test media on the stability and aggregation status of silver nanoparticles}},
    year = {2016},
    journal = {Environmental Science: Nano},
    author = {Metreveli, G. and Frombold, B. and Seitz, F. and Gr{\"{u}}n, A. and Philippe, A. and Rosenfeldt, R.R. and Bundschuh, M. and Schulz, R. and Manz, W. and Schaumann, G.E.},
    number = {2},
    pages = {418--433},
    volume = {3},
    publisher = {Royal Society of Chemistry},
    doi = {https://doi.org/10.1039/C5EN00152H}
}

@article{Georgantzopoulou2020,
    title = {{Wastewater-Aged Silver Nanoparticles in Single and Combined Exposures with Titanium Dioxide Affect the Early Development of the Marine Copepod Tisbe battagliai}},
    year = {2020},
    journal = {Environmental Science and Technology},
    author = {Georgantzopoulou, A. and Farkas, J. and Ndungu, K. and Coutris, C. and Carvalho, P.A. and Booth, A.M. and Macken, A.},
    number = {19},
    pages = {12316--12325},
    volume = {54},
    publisher = {American Chemical Society},
    doi = {https://doi.org/10.1021/acs.est.0c03113}
}

@article{Pipe1997,
    title = {{The separation and characterisation of haemocytes from the mussel Mytilus edulis}},
    year = {1997},
    journal = {Cell tissue Res.},
    author = {Pipe, R.K. and Farley, S.R. and Coles, J.A.},
    number = {3},
    pages = {537--545},
    volume = {289},
    doi = {10.1007/s004410050899}
}

@article{Rolton2020,
    title = {{Green-lipped mussel (Perna canaliculus) hemocytes: A flow cytometric study of sampling effects, sub-populations and immune-related functions}},
    year = {2020},
    journal = {Fish and Shellfish Immunology},
    author = {Rolton, A. and Ragg, N.L.C.},
    pages = {181--189},
    volume = {103},
    publisher = {Academic Press},
    doi = {https://doi.org/10.1016/j.fsi.2020.05.019}
}

@article{Söderhall1983,
title = {Separation of the haemocyte populations of Carcinus Maenas and other marine decapods, and prophenoloxidase distribution},
journal = {Developmental \& Comparative Immunology},
volume = {7},
number = {2},
pages = {229-239},
year = {1983},
author = {Söderhäll, K. and Smith, V.J.},
doi = {10.1016/0145-305x(83)90004-6}
}

@article{Bachere1988,
    title = {{Separation of Crassostrea gigas hemocytes by density gradient centrifugation and counterflow centrifugal elutriation}},
    year = {1988},
    journal = {Developmental and Comparative Immunology},
    author = {Bach{\'{e}}re, E. and Grizel, H.},
    pages = {549--559},
    volume = {12},
    doi = {https://doi.org/10.1016/0145-305X(88)90071-7}
}

@article{Worsley2022,
    author = {Worsley, C.M. and Veale, R.B. and Mayne, E.S.},
    journal = {PLOS ONE},
    title = {Inducing apoptosis using chemical treatment and acidic pH, and detecting it using the Annexin V flow cytometric assay},
    year = {2022},
    volume = {17},
    number = {6},
    doi = {10.1371/journal.pone.0270599}
}

@article{Torreilles1999,
title = {Modified Alsever's solution is not a good medium for reactive oxygen metabolite study in bivalves},
journal = {Fish \& Shellfish Immunology},
volume = {9},
number = {1},
pages = {65-69},
year = {1999},
author = {Torreilles, J. and Guérin, M.C. and Roch, P.},
doi = {https://doi.org/10.1006/fsim.1998.0167}
}

@article{Chen1995,
 author = {Chen, J.H. and Bayne, C.J.},
 journal = {Biological Bulletin},
 number = {3},
 pages = {255--266},
 title = {Bivalve Mollusc Hemocyte Behaviors: Characterization of Hemocyte Aggregation and Adhesion and Their Inhibition in the California Mussel (Mytilus californianus)},
 volume = {188},
 year = {1995},
 doi = {https://doi.org/10.2307/1542303}
}

@article{Burkhard2009,
author = {Burkhard, M.J. and Leavell, S. and Weiss, R.B. and Kuehnl, K.O and Valentine, H. and Thomas Watters, G. and Wolfe, B.A.},
title = {Analysis and cytologic characterization of hemocytes from freshwater mussels (Quadrula sp.)},
journal = {Veterinary Clinical Pathology},
volume = {38},
number = {4},
pages = {426-436},
year = {2009},
doi = { https://doi.org/10.1111/j.1939-165X.2009.00148.x}
}

@article{Grandiosa2018,
title = {Effect of antiaggregants on the in vitro viability, cell count and stability of abalone (Haliotis iris) haemocytes},
journal = {Fish \& Shellfish Immunology},
volume = {78},
pages = {131-139},
year = {2018},
author = {Grandiosa, R. and Bouwman, M.L. and Young, T. and Mérien, F. and Alfaro, A.C.},
doi = {https://doi.org/10.1016/j.fsi.2018.04.038}
}

@article{Hernroth2003,
title = {Factors influencing bactericidal activity of blue mussel (Mytilus edulis) haemocytes against Salmonella typhimurium},
journal = {Fish \& Shellfish Immunology},
volume = {14},
number = {2},
pages = {93-104},
year = {2003},
author = {Hernroth, B.},
doi = {https://doi.org/10.1006/fsim.2001.0421}
}

@article{Moore1977,
title = {The cytology and cytochemistry of the hemocytes of Mytilus edulis and their responses to experimentally injected carbon particles},
journal = {Journal of Invertebrate Pathology},
volume = {29},
number = {1},
pages = {18-30},
year = {1977},
author = {Moore, M.N. and Lowe, D.M.},
doi = {https://doi.org/10.1016/0022-2011(77)90167-7}
}

@article{Rasmussen1985,
    title = {{An Electron Microscope Study of the Circulating Leucocytes of the Marine Mussel, Mytilus edulis}},
    year = {1985},
    journal = {JOURNAL OF INVERTEBRATE PATHOLOGY},
    author = {Rasmussen, L.P.D. and Hage, E. and Karloc, O.},
    pages = {158--167},
    volume = {45},
    doi = {https://doi.org/10.1016/0022-2011(85)90005-9}
}

@article{Noel1994,
    title = {{Antigenic characterization of hemocyte subpopulations in the mussel Mytilus edulis by means of monoclonal antibodies}},
    year = {1994},
    journal = {Marine Biology},
    author = {{N{\"{o}}el}, D. and Pipe, R. and Elston, R. and Bach{\'{e}}re, E. and Mialhe, E.},
    number = {119},
    pages = {549--556},
    doi = {https://doi.org/10.1007/BF00354317}
}

@article{Dyrynda1997,
    title = {{Sub-populations of haemocytes in the adult and developing marine mussel, Mytilus edulis, identified by use of monoclonal antibodies}},
    year = {1997},
    journal = {Cell Tissue Res},
    author = {Dyrynda, E.A. and Pipe, R.K. and Ratcliffe, N.A.},
    pages = {527--536},
    volume = {289},
    doi = {https://doi.org/10.1007/s004410050898}
}

@article{Wootton2003,
title = {Bivalve immunity: comparisons between the marine mussel (Mytilus edulis), the edible cockle (Cerastoderma edule) and the razor-shell (Ensis siliqua)},
journal = {Fish \& Shellfish Immunology},
volume = {15},
number = {3},
pages = {195-210},
year = {2003},
author = {Wootton, E.C. and Dyrynda, E.A. and Ratcliffe, N.A.},
doi = {https://doi.org/10.1016/S1050-4648(02)00161-4}
}

@article{Cuenot1891,
title = {Etudes sur le sang et les glandes lymphatiques dans la serie animale (2e partie: Invertebres)},
journal = {Archives de zoologie expérimentale et générale},
volume = {19},
number = {1},
pages = {19-54},
year = {1891},
author = {Cúenot, L.}
}

@article{Pipe1990,
    title = {{Differential binding of leetins to haemocytes of the mussel Mytilus edulis}},
    year = {1990},
    journal = {Cell Tissue Res},
    author = {Pipe, R.K.},
    number = {261},
    pages = {261--268},
    publisher = {Springer-Verlag},
    doi = {https://doi.org/10.1007/BF00318667}
}

@article{Shapiro2004,
    title = {{The Evolution of Cytometers}},
    year = {2004},
    journal = {Cytometry Part A},
    author = {Shapiro, H.M.},
    number = {1},
    pages = {13--20},
    volume = {58},
    publisher = {Wiley-Liss Inc.},
    doi = {https://doi.org/10.1002/cyto.a.10111}
}


@article{Mateo2009,
    title = {{Changes induced by two strains of Vibrio splendidus in haemocyte subpopulations of Mya arenaria, detected by flow cytometry with LysoTracker}},
    year = {2009},
    journal = {Diseases of Aquatic Organisms},
    author = {Mateo, D.R. and Spurmanis, A. and Siah, A. and Araya, M.T. and Kulka, M. and Berthe, F.C.J. and Johnson, G.R. and Greenwood, S.J.},
    number = {3},
    pages = {253--262},
    volume = {86},
    doi = {10.3354/dao02121}
}


@article{Allam2002,
    title = {{Flow cytometric comparison of haemocytes from three species of bivalve molluscs}},
    year = {2002},
    journal = {Fish and Shellfish Immunology},
    author = {Allam, B. and Ashton-Alcox, K.A. and Ford, S.E.},
    number = {2},
    pages = {141--158},
    volume = {13},
    doi = {https://doi.org/10.1006/fsim.2001.0389}
}

@article{AshtonAlcox1998,
    title = {{Variability in molluscan hemocytes: a flow cytometric study}},
    year = {1998},
    author = {Ashton-Alcox, K.A. and Ford, S.E.},
    number = {2},
    pages = {195--204},
    volume = {30},
    journal ={Tissue \& Cell},
    doi = {https://doi.org/10.1016/S0040-8166(98)80068-2}
}

@article{Koegle2020,
    title = {{Fluorescence spectroscopy for studying evaporating droplets using the dye eosin-y}},
    year = {2020},
    journal = {Sensors (Switzerland)},
    author = {Koegl, M. and Wei{\ss}, C. and Zigan, L.},
    number = {21},
    pages = {1--16},
    volume = {20},
    publisher = {MDPI AG},
    doi = {10.3390/s20215985}
}

@article{Elfer2016,
    title = {{DRAQ5 and eosin ('D{\&}E') as an analog to hematoxylin and eosin for rapid fluorescence histology of fresh tissues}},
    year = {2016},
    journal = {PLoS ONE},
    author = {Elfer, K.N. and Sholl, A.B. and Wang, M. and Tulman, D.B. and Mandava, S.H. and Lee, B.R. and Brown, J.Q.},
    number = {10},
    volume = {11},
    publisher = {Public Library of Science},
    doi = {https://doi.org/10.1371/journal.pone.0165530}
}

@article{Wang2016,
author = {Wang, Q. and Cao, R. and Ning, X. and You, L and Mu, C. and Wang, C. and Wei, L. and Cong, C. and Wu, H. and Zhao, J.},
title = {Effects of ocean acidification on immune responses of the Pacific oyster Crassostrea gigas},
journal = {Fish \& Shellfish Immunology},
volume = {49},
pages = {24-33},
year = {2016},
doi = {https://doi.org/10.1016/j.fsi.2015.12.025}
}

@article{Dang2023,
title = {Ocean acidification drives gut microbiome changes linked to species-specific immune defence},
journal = {Aquatic Toxicology},
volume = {256},
number = {106413},
year = {2023},
doi = {https://doi.org/10.1016/j.aquatox.2023.106413},
author = {Dang, X. and Huang, Q. and He, Y.Q. and Gaitán-Espitia, J.D. and Zhang, T. and Thiyagarajan, V.}
}

@article{Mangan2019,
author = {Mangan, S. and Wilson, R.W. and Findlay, H.S. and Lewis, C.},
title = {Acid-base physiology over tidal periods in the mussel Mytilus edulis: size and temperature are more influential than seawater pH},
journal = {Proc. Biol. Sci.},
volume = {1897},
number = {286},
pages = {Acid-base physiology over tidal periods in the mussel Mytilus edulis: size and temperature are more influential than seawater pH},
year = {2019},
doi = {10.1098/rspb.2018.2863}
}




%%%%%%%%%%%%% Books %%%%%%%%%%%%%%%%%%%%%%%%%%%%%%%%%%%%%%%%%%%%

@inbook{Shabenberger2002,
  title={Contemporary Statistical Models for the Plant and Soil Sciences},
  edition={1},
  author={{Shabenberger, O.} and {Pierce, F.J.}},
  year={2001},
  publisher={CRC Press},
  address={Boca Raton},
  chapter={5}
}


%%%%%%%%%%%%% Book chapters %%%%%%%%%%%%%%%%%%%%%%%%%%%%%%%%%%%%
@incollection{Cheng1980,
    title = {{Bivalves}},
    year = {1980},
    booktitle = {Invertebrate Blood Cells},
    author = {Cheng, T.C.},
    editor = {{Ratcliffe, N.A.} and {Rowley, A.F.}},
    volume = {1},
    pages = {233--300},
    publisher = {Academic Press}
}

@incollection{Cheng1984,
author = "Cheng, T.C.",
editor = "Cheng, T.C.",
title = "A Classification of Molluscan Hemocytes Based on Functional Evidences",
booktitle = "Invertebrate Blood: Cells and Serum Factors",
year = "1984",
publisher = "Springer US",
pages = "111--134"
}

@incollection{Smith2016,
    title = {{Hematopoiesis and Hemocytes in Pancrustacean and Molluscan Models}},
    year = {2016},
    editor = {Davide Malagoli},
    booktitle = {The Evolution of the Immune System: Conservation and Diversification},
    author = {Smith, V.J. and Accorsi, A. and Malagoli, D.},
    pages = {1--28},
    publisher = {Elsevier Inc.}
}



@incollection{Warheit2018,
  author      = "Warheit, D.B",
  title       = "Nanoparticle toxicology",
  editor      = "Klaasen, C.",
  booktitle   = "Casarett and Doull´s Toxicology: The basic science of poisons (9th ed.)",
  publisher   = "McGraw-Hill Education",
  address     = "New York",
  year        = 2018,
  pages       = "1381--1429",
  chapter     = 29,
}

@incollection{Renwartz1990,
    title = {{Internal defence system of Mytilus edulis}},
    year = {1990},
    booktitle = {Neurobiology of Mytilus edulis},
    author = {Renwrantz, L.},
    editor = {Stefano, GB},
    chapter = {15},
    pages = {256--275},
    publisher = {Manchester University Press},
    address = {Manchester and New York}
}

@incollection{Fisher1988,
    title = {{Flow cytometry: a tool for cell research in bivalve pathology}},
    year = {1988},
    booktitle = {Disease processes in marine bivalve molluscs},
    author = {Fisher, W.S.},
    editor = {Fisher, W.S.},
    volume = {18},
    pages = {286--292},
    publisher = {American Fisheries Society},
    address = {Bethesda, Maryland}
}

%%%%%%%%%%5 Reports %%%%%%%%%%%%%%%%%%%%%%%%%%%%%%%%%%%%%%%%%%

@techreport{Berge2018,
    title = {{Kommunale avl{\o}p 2017. Ressursinnsats, utslipp, rensing og slamdisponering 2017. Gebyrer 2018}},
    year = {2018},
    author = {Berge, G. and S{\ae}ther, M.S.},
    pages = {1--99},
    institution = {Statistics Norway}
}

@Manual{R-project,
title = {R: A Language and Environment for Statistical Computing},
author = {{R Core Team}},
organization = {R Foundation for Statistical Computing},
address = {Vienna, Austria},
year = {2021},
url = {https://www.R-project.org/}
}

@Manual{RStudio,
title = {RStudio: Integrated Development Environment for R},
author = {{RStudio Team}},
organization = {RStudio, PBC},
address = {Boston, MA},
year = {2021},
url = {http://www.rstudio.com/}
}


@article{drc,
title = {Dose-Response Analysis Using R},
author = {Ritz, C and Baty, F and Streibig, J.C and Gerhard, D.},
journal = {PLOS ONE},
volume = {10},
issue = {12},
number = {e0146021},
year = {2015},
doi = {https://doi.org/10.1371/journal.pone.0146021}
}

@Article{lme4,
    title = {Fitting Linear Mixed-Effects Models Using {lme4}},
    author = {Bates, D. and M{\"a}chler, M. and Bolker, B. and Walker, S.},
    journal = {Journal of Statistical Software},
    year = {2015},
    volume = {67},
    number = {1},
    pages = {1--48},
    doi = {10.18637/jss.v067.i01}
}

 @Manual{jtools,
    title = {jtools: Analysis and Presentation of Social Scientific Data},
    author = {Long, J.A.},
    year = {2022},
    note = {R package version 2.2.0},
    url = {https://cran.r-project.org/package=jtools},
  }

@article{Nakagawa2013,
author = {Nakagawa, Shinichi and Schielzeth, Holger},
title = {A general and simple method for obtaining R2 from generalized linear mixed-effects models},
journal = {Methods in Ecology and Evolution},
volume = {4},
number = {2},
pages = {133-142},
keywords = {coefficient of determination, goodness-of-fit, heritability, information criteria, intra-class correlation, linear models, model fit, repeatability, variance explained},
doi = {https://doi.org/10.1111/j.2041-210x.2012.00261.x},
year = {2013}
}
